<record><leader>00000cas a22000007a 4500</leader><controlfield tag="001">17282775</controlfield><controlfield tag="008">871223d18911916iauwr ne      0    0eng d</controlfield><datafield ind1=" " ind2=" " tag="010"><subfield code="a">sn 87058663 </subfield></datafield><datafield ind1=" " ind2=" " tag="040"><subfield code="a">INP</subfield><subfield code="b">eng</subfield><subfield code="c">INP</subfield><subfield code="d">OCLCQ</subfield></datafield><datafield ind1=" " ind2=" " tag="042"><subfield code="a">msc</subfield></datafield><datafield ind1="0" ind2=" " tag="130"><subfield code="a">Spencer herald (Spencer, Iowa)</subfield></datafield><datafield ind1="1" ind2="0" tag="245"><subfield code="a">Spencer herald.</subfield></datafield><datafield ind1=" " ind2=" " tag="260"><subfield code="a">Spencer, Clay County, Iowa :</subfield><subfield code="b">Bronson Bros.</subfield></datafield><datafield ind1=" " ind2=" " tag="300"><subfield code="a">v.</subfield></datafield><datafield ind1=" " ind2=" " tag="310"><subfield code="a">Weekly</subfield></datafield><datafield ind1="1" ind2=" " tag="362"><subfield code="a">Issued 1891-1916.</subfield></datafield><datafield ind1=" " ind2=" " tag="500"><subfield code="a">Publisher varies.</subfield></datafield><datafield ind1=" " ind2=" " tag="588"><subfield code="a">Description based on: Vol. 3, no. 18 (Apr. 26, 1893).</subfield></datafield><datafield ind1=" " ind2=" " tag="752"><subfield code="a">United States</subfield><subfield code="b">Iowa</subfield><subfield code="c">Clay</subfield><subfield code="d">Spencer.</subfield></datafield><datafield ind1="0" ind2="7" tag="785"><subfield code="t">Spencer news</subfield><subfield code="w">(DLC)sn 87058662</subfield></datafield><datafield ind1="0" ind2="7" tag="785"><subfield code="t">Spencer news-herald</subfield><subfield code="w">(DLC)sn 87058493</subfield></datafield></record>